@phdthesis{shape_space,
	author = {Kathrin Welker},
	title = {Efficient PDE Constrained Shape Optimization in Shape Spaces},
	year = {2016},
	school = {Universit√§t Trier}
}

